<mx:record xmlns="http://www.w3.org/TR/xhtml1/strict" xmlns:mx="http://www.loc.gov/MARC21/slim" xmlns:xsi="http://www.w3.org/2001/XMLSchema-instance"><mx:leader>00037nz  2200037n  45 0</mx:leader><mx:controlfield tag="001">oca07595088 </mx:controlfield><mx:controlfield tag="005">20071129175039.0</mx:controlfield><mx:controlfield tag="008">071129n| acannaabn          |a aaa      </mx:controlfield><mx:datafield ind1=" " ind2=" " tag="010"><mx:subfield code="a">n 2007085377</mx:subfield></mx:datafield><mx:datafield ind1=" " ind2=" " tag="040"><mx:subfield code="a">DLC</mx:subfield><mx:subfield code="b">eng</mx:subfield><mx:subfield code="c">DLC</mx:subfield></mx:datafield><mx:datafield ind1=" " ind2="0" tag="053"><mx:subfield code="a">PA4407.R54</mx:subfield></mx:datafield><mx:datafield ind1="0" ind2=" " tag="100"><mx:subfield code="a">Rhianus,</mx:subfield><mx:subfield code="c">of Crete</mx:subfield></mx:datafield><mx:datafield ind1="0" ind2=" " tag="400"><mx:subfield code="a">Riano,</mx:subfield><mx:subfield code="c">di Creta</mx:subfield></mx:datafield><mx:datafield ind1="0" ind2=" " tag="400"><mx:subfield code="a">Rhianos,</mx:subfield><mx:subfield code="c">von Bene</mx:subfield></mx:datafield><mx:datafield ind1="0" ind2=" " tag="400"><mx:subfield code="a">Rhianus,</mx:subfield><mx:subfield code="c">Cretensis</mx:subfield></mx:datafield><mx:datafield ind1="0" ind2=" " tag="400"><mx:subfield code="a">Rhianos,</mx:subfield><mx:subfield code="c">ho Krēs</mx:subfield></mx:datafield><mx:datafield ind1="0" ind2=" " tag="400"><mx:subfield code="a">Rhianos,</mx:subfield><mx:subfield code="c">of Crete</mx:subfield></mx:datafield><mx:datafield ind1=" " ind2=" " tag="670"><mx:subfield code="a">Leurini, Luigi. L&amp;#039;edizione omerica di Riano di Creta, 2007:</mx:subfield><mx:subfield code="b">t.p. (Riano di Creta)</mx:subfield></mx:datafield><mx:datafield ind1=" " ind2=" " tag="670"><mx:subfield code="a">LC database, Nov 29, 2007:</mx:subfield><mx:subfield code="b">(hdg.: Rhianus, of Crete; variants: Rhianos von Bene, Rhianus Cretensis, Rhianos ho Krēs)</mx:subfield></mx:datafield><mx:datafield ind1=" " ind2=" " tag="670"><mx:subfield code="a">LC classification schedule P-PA</mx:subfield><mx:subfield code="b">(Rhianos of Crete)</mx:subfield></mx:datafield><mx:datafield ind1=" " ind2=" " tag="999"><mx:subfield code="a">355</mx:subfield></mx:datafield></mx:record>